
@inproceedings{FOSE2016,
	Author = {松本卓大 and 山下一寛 and 亀井靖高 and 鵜林尚靖 and 大浦雄太 and 岩崎孝司 and 高山修一},
	booktitle={第23会ソフトウェア工学の基礎ワークショップ(FOSE)},
	Pages = {3--12},
	Title = {開発現場への導入を想定した{OSS}事前品質評価手法確立に向けた調査},
	Year = {2016}
}

@inproceedings{SS2017,
	Author = {岩崎考司 and 高山修一 and 岩永裕史 and 鵜林尚靖 and 亀井靖高},
	booktitle={ソフトウェア・シンポジウム2017(SS)},
	Pages = {85--94},
	Title = {{OSS}事前評価による開発リスク特定の取組み},
	Year = {2017}}

@article{AssessingOMM,
  title={Assessing the Open Source Development Processes Using {OMM}},
  author={Etiel Petrinja and Giancarlo Succi},
  journal={Adv. Software Engineering},
  volume={2012},
  pages={1--17},
  year={2012},
}

@incollection{Compare3,
  title={Comparing {OpenBRR}, {QSOS}, and {OMM} assessment models},
  author={Petrinja, Etiel and Sillitti, Alberto and Succi, Giancarlo},
  booktitle={Proc. of International Conference on Open Source Systems (OSS)},
  _booktitle={Open Source Software: New Horizons},
  pages={224--238},
  _publisher={Springer},
  year={2010}
}

@incollection{Compare2,
  title={Comparing assessment methodologies for free/open source software: {OpenBRR} and {QSOS}},
  author={Deprez, Jean-Christophe and Alexandre, Simon},
  booktitle={Proc. of the International Conference on Product-Focused Software Process Improvement (PROFES)},
  pages={189--203},
  _publisher={Springer},
  year={2008}
}

@article{RepOSS,
  title={Rep{OSS}: A Flexible {OSS} Assessment Repository},
  author={Northeast Asia, OSS},
  year={2012}
}

@inproceedings{OMM,
  title={Introducing the opensource maturity model},
  author={Petrinja, Etiel and Nambakam, Ranga and Sillitti, Alberto},
  booktitle={Proc. of International Workshop on Emerging Trends in Free/Libre/Open Source Software Research and Development},
  pages={37--41},
  _organization={IEEE Computer Society},
  year={2009}
}

@inproceedings{OpenBQR,
author="Taibi, Davide
and Lavazza, Luigi
and Morasca, Sandro",
editor="Feller, Joseph
and Fitzgerald, Brian
and Scacchi, Walt
and Sillitti, Alberto",
title="OpenBQR: a framework for the assessment of OSS",
bookTitle="Open Source Development, Adoption and Innovation: IFIP Working Group 2.13 on Open Source Software, June 11--14, 2007, Limerick, Ireland",
year="2007",
publisher="Springer US",
address="Boston, MA",
pages="173--186",
isbn="978-0-387-72486-7",
doi="10.1007/978-0-387-72486-7_14",
url="http://dx.doi.org/10.1007/978-0-387-72486-7_14"
}

@article{QSOS,
  title = {Qualification and Selection of open Source software ({QSOS}), Version 2.0},
  _title={Method for Qualification and Selection of open Source software ({QSOS})},
  author={Atos},
  year={2013},
  note = {\url{http://backend.qsos.org/download/qsos-2.0_en.pdf}},
}

@inproceedings{OpenBRR,
  title={Using FLOSSmole Data in Determining Business Readiness Ratings},
  author={Wasserman, Tony and Das, Ashutosh},
  booktitle={Proc. of the Workshop on Public Data about Software Development (WoPDaSD)},
  year={2007}
}

@article{OSS-search,
	Author = {独立行政法人情報処理推進機構},
	Title = {第3回オープンソースソフトウェア活用ビジネス実態調査},
	Year = {2010}}

@article{OSMM,
  title={Open Source Maturity Model},
  author={Duijnhouwer, Frans-Willem and Widdows, Chris},
  note = {\url{https://jose-manuel.me/thesis/references/GB_Expert_Letter_Open_Source_Maturity_Model_1.5.3.pdf}},
  year={2003}
}

@misc{VSSC,
  title={Default Keyboard Shortcuts in Visual Studio},
  howpublished={https://msdn.microsoft.com/en-in/library/da5kh0wa.aspx}
}

@article{lane2005hidden,
  title={Hidden costs of graphical user interfaces: Failure to make the transition from menus and icon toolbars to keyboard shortcuts},
  author={Lane, David M and Napier, H Albert and Peres, S Camille and S{\'a}ndor, Anik{\'o}},
  journal={International Journal of Human-Computer Interaction},
  volume={18},
  number={2},
  pages={133--144},
  year={2005},
  publisher={Taylor \& Francis}
}

@misc{KaVE,
  title={KaVE Project},
  howpublished={http://www.kave.cc/}
}

@misc{OnlineAppendix,
  title={Online Appendix: Odds Ratio Table},
  note=
	"\url{https://is.gd/YME59C}"
}

@misc{OnlineAppendix2,
title={Online Appendix: Commonality Of Commands},
note = "\url{https://is.gd/WHY69w}"
}

@misc{OnlineAppendix3,
title={Online Appendix: Commands},
note = "\url{https://is.gd/OSSSzV}"
}

@article{dix2003human,
  title={Human-Computer Interaction},
  author={Dix, Alan and Finlay, Janet E and Abowd, Gregory D and Beale, Russell},
  year={2003},
  publisher={Prentice Hall}
}

@inproceedings{peres2004keyboard,
  title={Keyboard shortcut usage: The roles of social factors and computer experience},
  author={Peres, S Camille and Tamborello, Franklin P and Fleetwood, Michael D and Chung, Phillip and Paige-Smith, Danielle L},
  booktitle={Proceedings of the Human Factors and Ergonomics Society Annual Meeting},
  volume={48},
  number={5},
  pages={803--807},
  year={2004},
  organization={SAGE Publications Sage CA: Los Angeles, CA}
}

@article{charman2003adaptive,
  title={The adaptive user: an investigation into the cognitive and task constraints on the generation of new methods.},
  author={Charman, Suzanne C and Howes, Andrew},
  journal={Journal of experimental psychology: Applied},
  volume={9},
  number={4},
  pages={236},
  year={2003},
  publisher={American Psychological Association}
}

@article{tak2013satisficing,
  title={Satisficing and the Use of Keyboard Shortcuts: Being Good Enough Is Enough?},
  author={Tak, Susanne and Westendorp, Piet and van Rooij, Iris},
  journal={Interacting with computers},
  volume={25},
  number={5},
  pages={404--416},
  year={2013},
  publisher={OUP}
}




@inproceedings{yamashita2014magnet,
  title={Magnet or sticky? an oss project-by-project typology},
  author={Yamashita, Kazuhiro and McIntosh, Shane and Kamei, Yasutaka and Ubayashi, Naoyasu},
  booktitle={Proceedings of the 11th working conference on mining software repositories},
  pages={344--347},
  year={2014},
  organization={ACM}
}

@article{communityeconomic,
  title={Community \& Economic Development Update},
  author={Center for Community and Economic Development University of Wisconsin-Extension, Cooperative Extension},
  year={2011},
  note={\url{https://myemail.constantcontact.com/News-from-the-Center-for-Community---Economic-Development.html?soid=1104293309477\&aid=FnOfZtbhFgo}}
}

@article{baltes2018sotorrent,
  title={SOTorrent: Studying the Origin, Evolution, and Usage of Stack Overflow Code Snippets},
  author={Baltes, Sebastian and Treude, Christoph and Diehl, Stephan},
  journal={arXiv preprint arXiv:1809.02814},
  year={2018}
}

@inproceedings{liu2018mining,
  title={Mining stackoverflow for program repair},
  author={Liu, Xuliang and Zhong, Hao},
  booktitle={2018 IEEE 25th International Conference on Software Analysis, Evolution and Reengineering (SANER)},
  pages={118--129},
  year={2018},
  organization={IEEE}
}

@article{yamashita2016magnet,
  title={Magnet or sticky? Measuring project characteristics from the perspective of developer attraction and retention},
  author={Yamashita, Kazuhiro and Kamei, Yasutaka and McIntosh, Shane and Hassan, Ahmed E and Ubayashi, Naoyasu},
  journal={Journal of Information Processing},
  volume={24},
  number={2},
  pages={339--348},
  year={2016},
  publisher={Information Processing Society of Japan}
}

@article{baltes2018evolution,
  title={The Evolution of Stack Overflow Posts: Reconstruction and Analysis},
  author={Baltes, Sebastian and Dumani, Lorik and Treude, Christoph and Diehl, Stephan},
  journal={arXiv preprint arXiv:1811.00804},
  year={2018}
}

@inproceedings{msr2019challenge,
title={SOTorrent: Studying the Origin, Evolution, and Usage of Stack Overflow Code Snippets}, author={Baltes, Sebastian and Treude, Christoph and Diehl, Stephan},
year={2019}
}

@inproceedings{baltes2018sotorrent,
  title={Sotorrent: Reconstructing and analyzing the evolution of stack overflow posts},
  author={Baltes, Sebastian and Dumani, Lorik and Treude, Christoph and Diehl, Stephan},
  booktitle={Proceedings of the 15th International Conference on Mining Software Repositories},
  pages={319--330},
  year={2018},
  organization={ACM}
}

@inproceedings{nasehi2012makes,
  title={What makes a good code example?: A study of programming Q\&A in StackOverflow},
  author={Nasehi, Seyed Mehdi and Sillito, Jonathan and Maurer, Frank and Burns, Chris},
  booktitle={2012 28th IEEE International Conference on Software Maintenance (ICSM)},
  pages={25--34},
  year={2012},
  organization={IEEE}
}

